<?xml version="1.0" encoding="UTF-8"?><collection><record><leader>07188ntm a2200625 a 4500</leader><controlfield tag="001">006796380</controlfield><controlfield tag="003">MiAaHDL</controlfield><controlfield tag="005">20190719000000.0</controlfield><controlfield tag="006">m        d        </controlfield><controlfield tag="007">cr bn ---auaua</controlfield><controlfield tag="008">090522s1739    xx            00| ||ara d</controlfield><datafield tag="035" ind1=" " ind2=" "><subfield code="a">(MiU)006796380</subfield></datafield><datafield tag="035" ind1=" " ind2=" "><subfield code="a">sdr-miu006796380</subfield></datafield><datafield tag="040" ind1=" " ind2=" "><subfield code="a">MiU</subfield><subfield code="c">MiU</subfield><subfield code="e">amremm</subfield></datafield><datafield tag="043" ind1=" " ind2=" "><subfield code="a">n-us-mi</subfield></datafield><datafield tag="100" ind1="1" ind2=" "><subfield code="6">880-01</subfield><subfield code="a">Maydānī, Aḥmad ibn Muḥammad,</subfield><subfield code="d">-1124.</subfield></datafield><datafield tag="245" ind1="1" ind2="0"><subfield code="6">880-03</subfield><subfield code="a">Majmaʻ al-amthāl,</subfield><subfield code="f">[1152, i.e. 1739].</subfield></datafield><datafield tag="260" ind1=" " ind2=" "><subfield code="c">[1739].</subfield></datafield><datafield tag="300" ind1=" " ind2=" "><subfield code="a">223 leaves :</subfield><subfield code="b">paper ;</subfield><subfield code="c">286 x 177 (235 x 108) mm.</subfield></datafield><datafield tag="500" ind1=" " ind2=" "><subfield code="a">Shelfmark: Ann Arbor, University of Michigan, Special Collections Library, Isl. Ms. 245</subfield></datafield><datafield tag="500" ind1=" " ind2=" "><subfield code="a">Origin: As appears in colophon on p.447, copied by Muḥammad ibn Aḥmad al-Kurdī with transcription finished 11 Jumādá I 1152 [ca. 16 August 1739]. As appears in statement to the left of the colophon, collated by ʻAbd al-ʻAzīz al-Raḥbī al-Shāfiʻī with collation completed toward the end of Shawwāl 1152 [January 1740].</subfield></datafield><datafield tag="500" ind1=" " ind2=" "><subfield code="a">Former shelfmark: "467 T. De M. [i.e. Tammaro De Marinis]" inscribed in pencil on verso of front flyleaf (p.2) ; "72" inscribed in pencil on 'title page' (p.3).</subfield></datafield><datafield tag="500" ind1=" " ind2=" "><subfield code="a">Binding: Pasteboards covered in red leather ; Type II binding (with flap) ; doublures / board linings in block-printed paper with repeating square, cross and floral motifs in green and orange on a yellow and white ground ; upper and lower covers carry 'gold-stamped' (now green) scalloped mandorla (filled with vegetal decoration) and pendants, along with tooled border in a series of s-shaped stamps outlined by tooled fillets ; sewn in yellow thread, two stations ; worked chevron endbands in yellow and lavender (or gray), good condition ; overall in fair condition with some abrasion, staining, minor lifting of leather, etc. ; housed in box for protection.</subfield></datafield><datafield tag="500" ind1=" " ind2=" "><subfield code="a">Support: non-European laid paper with 8 laid lines per cm. (horizontal and vertical, fairly indistinct), cloudy formation, sturdy , highly sized and burnished, mainly yellow-tinted ; flyleaves in European laid paper (outermost surface-dyed a dark purple) with watermarks of "ALMASSO" and "GM" under shield / arms with eagle above horse.</subfield></datafield><datafield tag="500" ind1=" " ind2=" "><subfield code="a">Decoration: Section headings and text of proverbs rubricated ; written area surrounded by frame consisting of a series of a silver band flanked by black and red fillets ; occasional textual divders in the form of hāʼ or three inverted commas in red.</subfield></datafield><datafield tag="500" ind1=" " ind2=" "><subfield code="a">Script: Naskh ; fine, clear Syrian or Iraqi hand ; mainly serifless with slight effect of tilt to the left, mainly curvilinear descenders, pointing (for two and three dots) in strokes rather than distinct dots, elongation of horizontal strokes, partially vocalized.</subfield></datafield><datafield tag="500" ind1=" " ind2=" "><subfield code="a">Layout: Written mainly in 35 lines per page ; frame-ruled.</subfield></datafield><datafield tag="500" ind1=" " ind2=" "><subfield code="a">Collation: i, 22 V(220), I+1 (223), i ; almost exclusively quinions ; catchwords present ; foliation in black ink, Hindu-Arabic numerals ; pagination in pencil, Western numerals, supplied during digitization (includes flyleaves).</subfield></datafield><datafield tag="500" ind1=" " ind2=" "><subfield code="a">Colophon: "Scribal," triangular, reads: "وفرغ منه محمد بن احمد الكردي في يوم الاثنين حادي عشر شهر جمادى الاول سنة اثنين وخمسين ومائة والف حامدا لله ومصليا على نبيه نبي الرحمة م م م"</subfield></datafield><datafield tag="500" ind1=" " ind2=" "><subfield code="a">Explicit: "وهي المكافاة ويد سوداء وهي المن وقيل لبعضهم ما العقل قال الاصابة بالظنون ومعرفة ما لم يكن بما قد كان تم الكتاب بتوفيق الله ومنه والحمد لله اولا واخرا وباطنا وظاهرا وصلى الله على سيدنا محمد واله الاكرمين وسلم تسليما"</subfield></datafield><datafield tag="500" ind1=" " ind2=" "><subfield code="a">Incipit: "ان احسن ما يوشح به صدر الكلام واجمل ما يفصل به عقد النظام حمد الله ذي الجلال والاكرام والافضال والانعام ... وبعد فان من المعلوم ان الادب سلم الى معرفة العلوم به يتوصل الى الوقوف عليها ومنه يتوقع الوصول اليها ..."</subfield></datafield><datafield tag="500" ind1=" " ind2=" "><subfield code="a">Title from inscription on 'title page' (p.3).</subfield></datafield><datafield tag="500" ind1=" " ind2=" "><subfield code="a">Ms. codex.</subfield></datafield><datafield tag="510" ind1="4" ind2=" "><subfield code="a">Brockelmann, C. GAL,</subfield><subfield code="c">I, 289</subfield></datafield><datafield tag="520" ind1="8" ind2=" "><subfield code="a">Careful copy of the renowned collection of classical Arabic proverbs compiled by Abū al-Faḍl Aḥmad ibn Muḥammad al-Maydānī (d.1124).</subfield></datafield><datafield tag="538" ind1=" " ind2=" "><subfield code="a">Mode of access: Internet.</subfield></datafield><datafield tag="541" ind1=" " ind2=" "><subfield code="c">Purchase ;</subfield><subfield code="a">Acquired by purchase (funds donated by Horace Rackham).</subfield><subfield code="d">1924.</subfield></datafield><datafield tag="546" ind1=" " ind2=" "><subfield code="a">Arabic.</subfield></datafield><datafield tag="561" ind1=" " ind2=" "><subfield code="a">Inscriptions in pencil on verso of front flyleaf (p.2) "467 T. De M. [i.e. Tammaro De Marinis]" and 'title page' (p.3) "72 " ; three ownership statements on 'title page' (p.3), two accompanied by obliterated oval seal impressons, one in name of Murād ibn Khālid Āghāʻzādah (Murat b. Halit Aǧazade / مراد بن خالد اغا زاده ), another indicating purchase and dated 1261 [1845 or 6] in name of Aḥmad Afandī son of (najl) Sulaymān Afandī Ḥāfiẓʻzādah (Ahmet Efendi necl-i Süleyman Hafızzade / احمد افندى نجل سليمان حافظ زاده ), and another in name of ʻAbd al-Ghanī Faḍl Allāh al-ʻAṭṭār ( عبد الغني فضل الله العطار ) ; collation statement in name of collator, ʻAbd al-ʻAzīz al-Raḥbī al-Shāfiʻī (عبد العزيز الرحبي الشافعي) appears to the left of the colophon on p.447, reads: "بلغ قبالا وتصحيحا حسب الطاقة من اوله الى اخره بقلم الفقير عبد العزيز الرحبي الشافعي داعيا لما لله بلغه الله مناه وحرسه وتولاه آمين في اخر شوال سنه ۱۱٥٢ " ; numerous marginal corrections ; occasional glosses.</subfield></datafield><datafield tag="650" ind1=" " ind2="0"><subfield code="a">Manuscripts, Arabic</subfield><subfield code="z">Michigan</subfield><subfield code="z">Ann Arbor.</subfield></datafield><datafield tag="650" ind1=" " ind2="0"><subfield code="a">Proverbs, Arabic</subfield><subfield code="v">Early works to 1800.</subfield></datafield><datafield tag="700" ind1="0" ind2=" "><subfield code="a">Abdülhamid</subfield><subfield code="b">II,</subfield><subfield code="c">Sultan of the Turks,</subfield><subfield code="d">1842-1918,</subfield><subfield code="e">former owner.</subfield></datafield><datafield tag="700" ind1="0" ind2=" "><subfield code="6">880-08</subfield><subfield code="a">ʻAbd al-Ghanī Faḍl Allāh al-ʻAṭṭār,</subfield><subfield code="e">former owner.</subfield></datafield><datafield tag="700" ind1="0" ind2=" "><subfield code="6">880-07</subfield><subfield code="a">Ahmet Efendi necl-i Hafızzade Süleyman,</subfield><subfield code="d">fl. 1845 or 6,</subfield><subfield code="e">former owner.</subfield></datafield><datafield tag="700" ind1="0" ind2=" "><subfield code="6">880-06</subfield><subfield code="a">Murat bin Halit Ağazade,</subfield><subfield code="e">former owner.</subfield></datafield><datafield tag="700" ind1="0" ind2=" "><subfield code="6">880-05</subfield><subfield code="a">ʻAbd al-ʻAzīz al-Raḥbī,</subfield><subfield code="d">fl. 1740,</subfield><subfield code="e">collator.</subfield></datafield><datafield tag="700" ind1="0" ind2=" "><subfield code="6">880-04</subfield><subfield code="a">Muḥammad ibn Aḥmad al-Kurdī,</subfield><subfield code="d">fl. 1739,</subfield><subfield code="e">scribe.</subfield></datafield><datafield tag="773" ind1="0" ind2=" "><subfield code="a">Abdul Hamid Collection.</subfield></datafield><datafield tag="880" ind1="0" ind2=" "><subfield code="6">700-08/</subfield><subfield code="a">عبد الغني فضل الله العطار،</subfield><subfield code="e">مالك سابق.</subfield></datafield><datafield tag="880" ind1="0" ind2=" "><subfield code="6">700-07/</subfield><subfield code="a">احمد افندى نجل حافظ زاده سليمان،</subfield><subfield code="e">مالك سابق.</subfield></datafield><datafield tag="880" ind1="0" ind2=" "><subfield code="6">700-06/</subfield><subfield code="a">مراد بن خالد اغا زاده،</subfield><subfield code="e">مالك سابق.</subfield></datafield><datafield tag="880" ind1="0" ind2=" "><subfield code="6">700-05/</subfield><subfield code="a">عبد العزيز الرحبي،</subfield><subfield code="e">مقابل.</subfield></datafield><datafield tag="880" ind1="0" ind2=" "><subfield code="6">700-04/</subfield><subfield code="a">محمد بن احمد الكردي،</subfield><subfield code="e">ناسخ.</subfield></datafield><datafield tag="880" ind1="1" ind2="0"><subfield code="6">245-03/</subfield><subfield code="a">مجمع الامثال,</subfield><subfield code="f">[1152ه, 1739م].</subfield></datafield><datafield tag="880" ind1="1" ind2=" "><subfield code="6">100-01/</subfield><subfield code="a">ميداني، احمد بن محمد.</subfield></datafield><datafield tag="CID" ind1=" " ind2=" "><subfield code="a">006796380</subfield></datafield><datafield tag="DAT" ind1="0" ind2=" "><subfield code="a">20190719102636.0</subfield><subfield code="b">20190719000000.0</subfield></datafield><datafield tag="DAT" ind1="1" ind2=" "><subfield code="a">20190719090653.0</subfield><subfield code="b">2019-07-19T16:11:42Z</subfield></datafield><datafield tag="DAT" ind1="2" ind2=" "><subfield code="a">2015-10-02T18:00:03Z</subfield></datafield><datafield tag="CAT" ind1=" " ind2=" "><subfield code="a">SDR-MIU</subfield><subfield code="d">EX LIBRIS - ALEPH</subfield><subfield code="l">prepare.pl-004-008</subfield></datafield><datafield tag="FMT" ind1=" " ind2=" "><subfield code="a">BK</subfield></datafield><datafield tag="HOL" ind1=" " ind2=" "><subfield code="0">sdr-miu006796380</subfield><subfield code="a">MiU</subfield><subfield code="b">SDR</subfield><subfield code="c">MIU</subfield><subfield code="p">mdp.39015079126861</subfield><subfield code="s">MIU</subfield><subfield code="1">006796380</subfield></datafield><datafield tag="974" ind1=" " ind2=" "><subfield code="b">MIU</subfield><subfield code="c">MIU</subfield><subfield code="d">20190719</subfield><subfield code="s">lit-dlps-dc</subfield><subfield code="u">mdp.39015079126861</subfield><subfield code="y">1739</subfield><subfield code="r">pd</subfield><subfield code="q">bib</subfield><subfield code="t">non-US bib date1 &lt; 1879</subfield></datafield></record></collection>